<record xmlns:xsi="http://www.w3.org/2001/XMLSchema-instance" xmlns="http://www.loc.gov/MARC21/slim" xsi:schemaLocation="http://www.loc.gov/MARC21/slim http://www.loc.gov/standards/marcxml/schema/MARC21slim.xsd">

  <leader>01864nam a2200205Ia 4500</leader>
  <datafield tag="999" ind2=" " ind1=" ">
    <subfield code="c">2339</subfield>
    <subfield code="d">2339</subfield>
  </datafield>
  <controlfield tag="008">180911b2010    cr ||||| |||| 00| | spa d</controlfield>
  <datafield ind1=" " ind2=" " tag="090">
    <subfield code="a">19.01.03 </subfield>
    <subfield code="b">1834</subfield>
  </datafield>
  <datafield ind1=" " ind2=" " tag="100">
    <subfield code="a">Barquero Cerdas, Martha</subfield>
    <subfield code="9">223</subfield>
  </datafield>
  <datafield tag="245" ind1="1" ind2="0">
    <subfield code="a">Evaluación y actualización del acervo bibliográfico de la Unidad de Información y Referencia del INIE / </subfield>
    <subfield code="c">Martha Barquero Cerdas, Rebecca Vargas Bolaños</subfield>
  </datafield>
  <datafield ind1=" " ind2=" " tag="260">
    <subfield code="a">San José, Costa Rica : </subfield>
    <subfield code="b">INIE, </subfield>
    <subfield code="c">2010</subfield>
  </datafield>
  <datafield ind2=" " ind1=" " tag="300">
    <subfield code="a">16 páginas</subfield>
  </datafield>
  <datafield tag="500" ind2=" " ind1=" ">
    <subfield code="a">Informe final Proyecto 724-A9-724</subfield>
  </datafield>
  <datafield ind1=" " ind2=" " tag="520">
    <subfield code="a">Esta actividad de investigación se basó en la evaluación y actualización del acervo bibliográfico de la Unidad de Información y Referencia (UIR) del INIE, con la idea de hacer efectivos los servicios y productos que se generan en ella, con el objetivo de posicionarla a la transformación de un CRAI. Se revisó exhaustivamente la colección para depurarla y actualizarla según las políticas internas de la UIR. Se actualizaron as bases de datos para ponerlas en línea dentro de la página del Instituto, así como también a nivel local. También se trabajó en la creación de una nueva base de datos que contiene la producción bibliográfica de la educación nacional. Como resultados se adjunta un listado de documentos que se pueden ofrecer en préstamos interbibliotecario a instituciones homólogas o interesadas en el tema, así como las boletas para esta actividad. Asimismo, se confeccionó una boleta para canje con el fin de localizar otras revistas del área educativa con quienes hacer intercambio de conocimientos. Las limitaciones fueron problemas tecnológicos</subfield>
  </datafield>
  <datafield ind2="4" ind1="1" tag="610">
    <subfield code="9">153</subfield>
    <subfield code="a">INSTITUTO DE INVESTIGACIÓN EN EDUCACIÓN</subfield>
  </datafield>
  <datafield tag="650" ind1="1" ind2="4">
    <subfield code="a">BIBLIOTECAS ESPECIALIZADAS</subfield>
    <subfield code="9">1621</subfield>
  </datafield>
  <datafield ind1="1" ind2="4" tag="650">
    <subfield code="a">BASES DE DATOS</subfield>
    <subfield code="9">1560</subfield>
  </datafield>
  <datafield tag="650" ind2="4" ind1="1">
    <subfield code="a">TECNOLOGÍA DE LA INFORMACIÓN </subfield>
    <subfield code="9">484</subfield>
  </datafield>
  <datafield tag="700" ind1="1" ind2=" ">
    <subfield code="9">250</subfield>
    <subfield code="a">Vargas Bolaños, Rebecca</subfield>
  </datafield>
  <datafield ind2=" " ind1=" " tag="942">
    <subfield code="2">z</subfield>
    <subfield code="c">04</subfield>
  </datafield>
</record>